@misc{Karl2021,
  title        = {{\LaTeXe}: An unofficial reference manual},
  author       = {Karl Berry and Torsten Martinsen and Stephen Gilmore},
  howpublished = {\url{https://latexref.xyz}},
  year         = 2021,
  note         = {Accessed: 2021-07-17}
}
@misc{Whistler2008,
  author       = {Ken Whistler and Mark Davis and Asmus Freytag},
  title        = {Unicode Technical Report {\#}17: UNICODE CHARACTER ENCODING MODEL},
  howpublished = {\url{https://www.unicode.org/reports/tr17/tr17-7.html}},
  year         = 2008,
  note         = {Accessed: 2021-08-07}
}
@misc{Manuel2021,
  author       = {Karl Berry and Manuel P{\'{e}}gouri{\'{e}}-Gonnard and Jim Hefferon},
  title        = {A First Set of {\LaTeX} Resources},
  howpublished = {\url{https://ctan.org/pkg/latex-doc-ptr?lang=en}},
  year         = 2021,
  note         = {Accessed: 2021-07-17}
}
@misc{Mark2009,
  title        = {An essential guide to {\LaTeXe} usage},
  subtitle     = {Obsolete commands and packages},
  author       = {Mark Trettin and J{\"{u}}rgen Fenn},
  howpublished = {\url{https://ctan.org/tex-archive/info/l2tabu/english?lang=en}},
  year         = 2009,
  note         = {Accessed: 2021-07-17}
}
@misc{Tobias2021,
  title        = {The Not So Short Introduction to {\LaTeXe}},
  author       = {Tobias Oetiker and Hubert Partl and Irene Hyna and Elisabeth Schlegl},
  howpublished = {\url{https://ctan.org/tex-archive/info/lshort/english/?lang=en}},
  year         = 2021,
  note         = {Accessed: 2021-07-17}
}
@misc{Unicode2020,
  author       = {Unicode Consortium},
  title        = {Unicode 13.0.0},
  howpublished = {\url{https://unicode.org/versions/Unicode13.0.0/}},
  year         = 2020,
  note         = {Accessed: 2021-07-26}
}